% This file was created with JabRef 2.6.
% Encoding: UTF-8



@article{o1994alchemical,
	title={The alchemical creation of life (takwin) and other concepts of Genesis in medieval Islam},
	author={O'Connor, Kathleen Malone},
	year={1994}
}
@book{leibnizdissertatio,
	title={Dissertatio de arte combinatoria, in qua ex arithmeticae fundamentis complicationum ac transpositionum doctrina nouis praeceptis exstruitur... noua etiam Artis meditandis, seu Logicae inuentionis semina sparguntur. Praefixa est synopsis totius tractatus, \& additamenti loco demonstratio existentiae Dei, ad mathematicam certitudinem exacta autore Gottfredo Guilielmo Leibn{\"u}zio...},
	author={Leibniz, Gottfried Wilhelm},
	year={1666},
	publisher={apud Joh. Simon. Fickium et Joh. Polycarp. Seuboldum in Platea Nicolaea~…}
}


@article{mcculloch1943logical,
	title={A logical calculus of the ideas immanent in nervous activity},
	author={McCulloch, Warren S and Pitts, Walter},
	journal={The bulletin of mathematical biophysics},
	volume={5},
	number={4},
	pages={115--133},
	year={1943},
	publisher={Springer}
}

@misc{hebb19680,
	title={0.(1949) The organization of behavior},
	author={Hebb, Donald},
	year={1968},
	publisher={Wiley, New York}
}

@article{rosenblatt1960perceptron,
	title={Perceptron simulation experiments},
	author={Rosenblatt, Frank},
	journal={Proceedings of the IRE},
	volume={48},
	number={3},
	pages={301--309},
	year={1960},
	publisher={IEEE}
}

@misc{marvin1969perceptrons,
	title={Perceptrons},
	author={Marvin, Minsky and Seymour, A Papert},
	year={1969},
	publisher={MIT Press}
}



@article{rumelhart1986learning,
	title={Learning representations by back-propagating errors},
	author={Rumelhart, David E and Hinton, Geoffrey E and Williams, Ronald J},
	journal={nature},
	volume={323},
	number={6088},
	pages={533--536},
	year={1986},
	publisher={Nature Publishing Group}
}
@article{lecun1995convolutional,
	title={Convolutional networks for images, speech, and time series},
	author={LeCun, Yann and Bengio, Yoshua and others},
	journal={The handbook of brain theory and neural networks},
	volume={3361},
	number={10},
	pages={1995},
	year={1995}
}
@article{hochreiter1997long,
	title={Long short-term memory},
	author={Hochreiter, Sepp and Schmidhuber, J{\"u}rgen},
	journal={Neural computation},
	volume={9},
	number={8},
	pages={1735--1780},
	year={1997},
	publisher={MIT Press}
}


@article{ILSVRC15,
	Author = {Olga Russakovsky and Jia Deng and Hao Su and Jonathan Krause and Sanjeev Satheesh and Sean Ma and Zhiheng Huang and Andrej Karpathy and Aditya Khosla and Michael Bernstein and Alexander C. Berg and Li Fei-Fei},
	Title = {{ImageNet Large Scale Visual Recognition Challenge}},
	Year = {2015},
	journal   = {International Journal of Computer Vision (IJCV)},
	doi = {10.1007/s11263-015-0816-y},
	volume={115},
	number={3},
	pages={211-252}
}

@ARTICLE{Grossberg:2013,
	AUTHOR = {Grossberg, S. },
	TITLE   = {{R}ecurrent neural networks},
	YEAR    = {2013},
	JOURNAL = {Scholarpedia},
	VOLUME  = {8},
	NUMBER  = {2},
	PAGES   = {1888},
	DOI     = {10.4249/scholarpedia.1888},
	NOTE    = {revision \#138057}
}
@article{werbos1990backpropagation,
	title={Backpropagation through time: what it does and how to do it},
	author={Werbos, Paul J},
	journal={Proceedings of the IEEE},
	volume={78},
	number={10},
	pages={1550--1560},
	year={1990},
	publisher={IEEE}
}
@techreport{WahCUB_200_2011,
	Title = {{The Caltech-UCSD Birds-200-2011 Dataset}},
	Author = {Wah, C. and Branson, S. and Welinder, P. and Perona, P. and Belongie, S.},
	Year = {2011}
	Institution = {California Institute of Technology},
	Number = {CNS-TR-2011-001}
}
@ARTICLE{8413121,
	author={Y. {Xian} and C. H. {Lampert} and B. {Schiele} and Z. {Akata}},
	journal={IEEE Transactions on Pattern Analysis and Machine Intelligence}, 
	title={Zero-Shot Learning—A Comprehensive Evaluation of the Good, the Bad and the Ugly}, 
	year={2019},
	volume={41},
	number={9},
	pages={2251-2265},}

@inproceedings{akata2013label,
	title={Label-embedding for attribute-based classification},
	author={Akata, Zeynep and Perronnin, Florent and Harchaoui, Zaid and Schmid, Cordelia},
	booktitle={Proceedings of the IEEE Conference on Computer Vision and Pattern Recognition},
	pages={819--826},
	year={2013}
}
@article{kulkarni2013babytalk,
	title={Babytalk: Understanding and generating simple image descriptions},
	author={Kulkarni, Girish and Premraj, Visruth and Ordonez, Vicente and Dhar, Sagnik and Li, Siming and Choi, Yejin and Berg, Alexander C and Berg, Tamara L},
	journal={IEEE Transactions on Pattern Analysis and Machine Intelligence},
	volume={35},
	number={12},
	pages={2891--2903},
	year={2013},
	publisher={IEEE}
}
@inproceedings{ordonez2011im2text,
	title={Im2text: Describing images using 1 million captioned photographs},
	author={Ordonez, Vicente and Kulkarni, Girish and Berg, Tamara L},
	booktitle={Advances in neural information processing systems},
	pages={1143--1151},
	year={2011}
}
@inproceedings{lampert2009learning,
	title={Learning to detect unseen object classes by between-class attribute transfer},
	author={Lampert, Christoph H and Nickisch, Hannes and Harmeling, Stefan},
	booktitle={2009 IEEE Conference on Computer Vision and Pattern Recognition},
	pages={951--958},
	year={2009},
	organization={IEEE}
}
@inproceedings{palatucci2009zero,
	title={Zero-shot learning with semantic output codes},
	author={Palatucci, Mark and Pomerleau, Dean and Hinton, Geoffrey E and Mitchell, Tom M},
	booktitle={Advances in neural information processing systems},
	pages={1410--1418},
	year={2009}
}
@inproceedings{rohrbach2011evaluating,
	title={Evaluating knowledge transfer and zero-shot learning in a large-scale setting},
	author={Rohrbach, Marcus and Stark, Michael and Schiele, Bernt},
	booktitle={CVPR 2011},
	pages={1641--1648},
	year={2011},
	organization={IEEE}
}
@article{wu2008top,
	title={Top 10 algorithms in data mining},
	author={Wu, Xindong and Kumar, Vipin and Quinlan, J Ross and Ghosh, Joydeep and Yang, Qiang and Motoda, Hiroshi and McLachlan, Geoffrey J and Ng, Angus and Liu, Bing and Philip, S Yu and others},
	journal={Knowledge and information systems},
	volume={14},
	number={1},
	pages={1--37},
	year={2008},
	publisher={Springer}
}
@article{quinlan1986induction,
	title={Induction of Decision Trees. Mach. Learn},
	author={Quinlan, JR},
	year={1986}
}
@book{quinlan2014c4,
	title={C4. 5: programs for machine learning},
	author={Quinlan, J Ross},
	year={2014},
	publisher={Elsevier}
}


@misc{breiman1984classification,
	title={Classification and regression trees. Statistics/probability series},
	author={Breiman, Leo and Friedman, JH and Olshen, RA and Stone, CJ},
	year={1984},
	publisher={Wadsworth Publishing Company, Belmont, California, USA}
}


@article{mingers1989empirical,
	title={An empirical comparison of pruning methods for decision tree induction},
	author={Mingers, John},
	journal={Machine learning},
	volume={4},
	number={2},
	pages={227--243},
	year={1989},
	publisher={Springer}
}
@inproceedings{kearns1998fast,
	title={A Fast, Bottom-Up Decision Tree Pruning Algorithm with Near-Optimal Generalization.},
	author={Kearns, Michael J and Mansour, Yishay},
	booktitle={ICML},
	volume={98},
	pages={269--277},
	year={1998},
	organization={Citeseer}
}
@inproceedings{foerster2016learning,
	title={Learning to communicate with deep multi-agent reinforcement learning},
	author={Foerster, Jakob and Assael, Ioannis Alexandros and De Freitas, Nando and Whiteson, Shimon},
	booktitle={Advances in neural information processing systems},
	pages={2137--2145},
	year={2016}
}
@inproceedings{havrylov2017emergence,
	title={Emergence of language with multi-agent games: Learning to communicate with sequences of symbols},
	author={Havrylov, Serhii and Titov, Ivan},
	booktitle={Advances in neural information processing systems},
	pages={2149--2159},
	year={2017}
}
@article{lazaridou2018emergence,
	title={Emergence of linguistic communication from referential games with symbolic and pixel input},
	author={Lazaridou, Angeliki and Hermann, Karl Moritz and Tuyls, Karl and Clark, Stephen},
	journal={arXiv preprint arXiv:1804.03984},
	year={2018}
}
@article{cao2018emergent,
	title={Emergent communication through negotiation},
	author={Cao, Kris and Lazaridou, Angeliki and Lanctot, Marc and Leibo, Joel Z and Tuyls, Karl and Clark, Stephen},
	journal={arXiv preprint arXiv:1804.03980},
	year={2018}
}
@inproceedings{jiang2018learning,
	title={Learning attentional communication for multi-agent cooperation},
	author={Jiang, Jiechuan and Lu, Zongqing},
	booktitle={Advances in neural information processing systems},
	pages={7254--7264},
	year={2018}
}
@inproceedings{das2019tarmac,
	title={Tarmac: Targeted multi-agent communication},
	author={Das, Abhishek and Gervet, Th{\'e}ophile and Romoff, Joshua and Batra, Dhruv and Parikh, Devi and Rabbat, Mike and Pineau, Joelle},
	booktitle={International Conference on Machine Learning},
	pages={1538--1546},
	year={2019}
}
@inproceedings{rodriguez2019modeling,
	title={Modeling Conceptual Understanding in Image Reference Games},
	author={Rodriguez, Rodolfo Corona and Alaniz, Stephan and Akata, Zeynep},
	booktitle={Advances in Neural Information Processing Systems},
	pages={13155--13165},
	year={2019}
}
@article{najafabadi2015deep,
	title={Deep learning applications and challenges in big data analytics},
	author={Najafabadi, Maryam M and Villanustre, Flavio and Khoshgoftaar, Taghi M and Seliya, Naeem and Wald, Randall and Muharemagic, Edin},
	journal={Journal of Big Data},
	volume={2},
	number={1},
	pages={1},
	year={2015},
	publisher={Springer}
}

@misc{krzywinski2013importance,
	title={Importance of being uncertain},
	author={Krzywinski, Martin and Altman, Naomi},
	year={2013},
	publisher={Nature Publishing Group}
}
@article{mullachery2018bayesian,
	title={Bayesian neural networks},
	author={Mullachery, Vikram and Khera, Aniruddh and Husain, Amir},
	journal={arXiv preprint arXiv:1801.07710},
	year={2018}
}
@inproceedings{gal2016dropout,
	title={Dropout as a bayesian approximation: Representing model uncertainty in deep learning},
	author={Gal, Yarin and Ghahramani, Zoubin},
	booktitle={international conference on machine learning},
	pages={1050--1059},
	year={2016}
}
@inproceedings{he2016deep,
	title={Deep residual learning for image recognition},
	author={He, Kaiming and Zhang, Xiangyu and Ren, Shaoqing and Sun, Jian},
	booktitle={Proceedings of the IEEE conference on computer vision and pattern recognition},
	pages={770--778},
	year={2016}
}
@article{alaniz2019explainable,
	title={Explainable Observer-Classifier for Explainable Binary Decisions},
	author={Alaniz, Stephan and Akata, Zeynep},
	journal={arXiv preprint arXiv:1902.01780},
	year={2019}
}
@inproceedings{kendall2017uncertainties,
	title={What uncertainties do we need in bayesian deep learning for computer vision?},
	author={Kendall, Alex and Gal, Yarin},
	booktitle={Advances in neural information processing systems},
	pages={5574--5584},
	year={2017}
}
@article{kwon2020uncertainty,
	title={Uncertainty quantification using Bayesian neural networks in classification: Application to biomedical image segmentation},
	author={Kwon, Yongchan and Won, Joong-Ho and Kim, Beom Joon and Paik, Myunghee Cho},
	journal={Computational Statistics \& Data Analysis},
	volume={142},
	pages={106816},
	year={2020},
	publisher={Elsevier}
}
@inproceedings{kontschieder2015deep,
	title={Deep neural decision forests},
	author={Kontschieder, Peter and Fiterau, Madalina and Criminisi, Antonio and Rota Bulo, Samuel},
	booktitle={Proceedings of the IEEE international conference on computer vision},
	pages={1467--1475},
	year={2015}
}
@inproceedings{farhadi2009describing,
	title={Describing objects by their attributes},
	author={Farhadi, Ali and Endres, Ian and Hoiem, Derek and Forsyth, David},
	booktitle={2009 IEEE Conference on Computer Vision and Pattern Recognition},
	pages={1778--1785},
	year={2009},
	organization={IEEE}
}
@inproceedings{damianou2013deep,
	title={Deep gaussian processes},
	author={Damianou, Andreas and Lawrence, Neil},
	booktitle={Artificial Intelligence and Statistics},
	pages={207--215},
	year={2013}
}
@book{bishop2006pattern,
	title={Pattern recognition and machine learning},
	author={Bishop, Christopher M},
	year={2006},
	publisher={springer}
}

@inproceedings{deng2009imagenet,
	title={Imagenet: A large-scale hierarchical image database},
	author={Deng, Jia and Dong, Wei and Socher, Richard and Li, Li-Jia and Li, Kai and Fei-Fei, Li},
	booktitle={2009 IEEE conference on computer vision and pattern recognition},
	pages={248--255},
	year={2009},
	organization={Ieee}
} 


@article{raileanu2004theoretical,
	title={Theoretical comparison between the gini index and information gain criteria},
	author={Raileanu, Laura Elena and Stoffel, Kilian},
	journal={Annals of Mathematics and Artificial Intelligence},
	volume={41},
	number={1},
	pages={77--93},
	year={2004},
	publisher={Springer}
}
@article{mackay1998introduction,
	title={Introduction to Gaussian processes},
	author={MacKay, David JC},
	journal={NATO ASI Series F Computer and Systems Sciences},
	volume={168},
	pages={133--166},
	year={1998},
	publisher={Citeseer}
}
@inproceedings{osband2016risk,
	title={Risk versus uncertainty in deep learning: Bayes, bootstrap and the dangers of dropout},
	author={Osband, Ian},
	booktitle={NIPS Workshop on Bayesian Deep Learning},
	volume={192},
	year={2016}
}
@article{jordan1999introduction,
	title={An introduction to variational methods for graphical models},
	author={Jordan, Michael I and Ghahramani, Zoubin and Jaakkola, Tommi S and Saul, Lawrence K},
	journal={Machine learning},
	volume={37},
	number={2},
	pages={183--233},
	year={1999},
	publisher={Springer}
}
@article{metropolis1949monte,
	title={The monte carlo method},
	author={Metropolis, Nicholas and Ulam, Stanislaw},
	journal={Journal of the American statistical association},
	volume={44},
	number={247},
	pages={335--341},
	year={1949},
	publisher={Taylor \& Francis}
}

@inproceedings{schlesinger2018let,
	title={Let's talk about race: Identity, chatbots, and AI},
	author={Schlesinger, Ari and O'Hara, Kenton P and Taylor, Alex S},
	booktitle={Proceedings of the 2018 CHI Conference on Human Factors in Computing Systems},
	pages={1--14},
	year={2018}
}
@inproceedings{dikmen2016autonomous,
	title={Autonomous driving in the real world: Experiences with tesla autopilot and summon},
	author={Dikmen, Murat and Burns, Catherine M},
	booktitle={Proceedings of the 8th international conference on automotive user interfaces and interactive vehicular applications},
	pages={225--228},
	year={2016}
}
@article{guynn2015google,
	title={Google Photos labeled black people 'gorillas'},
	author={Guynn, Jessica},
	journal={USA Today},
	year={2015},
	publisher={Ganett}
}
@article{nwankpa2018activation,
	title={Activation functions: Comparison of trends in practice and research for deep learning},
	author={Nwankpa, Chigozie and Ijomah, Winifred and Gachagan, Anthony and Marshall, Stephen},
	journal={arXiv preprint arXiv:1811.03378},
	year={2018}
}
@inproceedings{sensoy2018evidential,
	title={Evidential deep learning to quantify classification uncertainty},
	author={Sensoy, Murat and Kaplan, Lance and Kandemir, Melih},
	booktitle={Advances in Neural Information Processing Systems},
	pages={3179--3189},
	year={2018}
}
@article{yadron2016tesla,
	title={Tesla driver dies in first fatal crash while using autopilot mode},
	author={Yadron, Danny and Tynan, Dan},
	journal={The Guardian},
	year={2016},
	publisher={Guradian Media Group}
}
@misc{zou2018ai,
	title={AI can be sexist and racist—it’s time to make it fair},
	author={Zou, James and Schiebinger, Londa},
	year={2018},
	publisher={Nature Publishing Group}
}
@article{kelion2018ces,
	title={CES 2018: LG robot Cloi repeatedly fails on stage at its unveil},
	author={Kelion, Leo},
	journal={BBC},
	year={2018},
	publisher={British Broadcasting Corporation}
}
@article{bland2012different,
	title={Different varieties of uncertainty in human decision-making},
	author={Bland, Amy Rachel and others},
	journal={Frontiers in neuroscience},
	volume={6},
	pages={85},
	year={2012},
	publisher={Frontiers}
}
@article{d1983legal,
	title={Legal uncertainty},
	author={d'Amato, Anthony},
	journal={Calif. L. Rev.},
	volume={71},
	pages={1},
	year={1983},
	publisher={HeinOnline}
}
@article{liu2013toward,
	title={Toward uncertain finance theory},
	author={Liu, Baoding},
	journal={Journal of Uncertainty Analysis and Applications},
	volume={1},
	number={1},
	pages={1},
	year={2013},
	publisher={Springer}
}
@article{gunning2019xai,
	title={XAI—Explainable artificial intelligence},
	author={Gunning, David and Stefik, Mark and Choi, Jaesik and Miller, Timothy and Stumpf, Simone and Yang, Guang-Zhong},
	journal={Science Robotics},
	volume={4},
	number={37},
	year={2019},
	publisher={Science Robotics}
}
@article{guo2020explainable,
	title={Explainable Artificial Intelligence for 6G: Improving Trust between Human and Machine},
	author={Guo, Weisi},
	journal={IEEE Communications Magazine},
	volume={58},
	number={6},
	pages={39--45},
	year={2020},
	publisher={IEEE}
}
@inproceedings{sarkar2016accuracy,
	title={Accuracy and interpretability trade-offs in machine learning applied to safer gambling},
	author={Sarkar, Sanjoy and Weyde, Tillman and Garcez, A and Slabaugh, Gregory G and Dragicevic, Simo and Percy, Chris},
	booktitle={CEUR Workshop Proceedings},
	volume={1773},
	year={2016},
	organization={CEUR Workshop Proceedings}
}
@article{puiutta2020explainable,
	title={Explainable Reinforcement Learning: A Survey},
	author={Puiutta, Erika and Veith, Eric},
	journal={arXiv preprint arXiv:2005.06247},
	year={2020}
}
@article{nvidia2015tesla,
	title={TESLA K80 GPU Accelerator Board Specification},
	author={NVIDIA, V},
	year={2015}
}
@article{nvidia2017tesla,
	title={TESLA V100 PCIe GPU Accelerator Data Sheet},
	author={NVIDIA, V},
	year={2017}
}
@article{icha2016entwicklung,
	title={Entwicklung der spezifischen Kohlendioxid-Emissionen des deutschen Strommix in den Jahren 1990 bis 2015},
	author={Icha, Petra and Kuhs, Gunter},
	journal={Climate Change},
	volume={26},
	pages={1--27},
	year={2016}
}
@article{bayes1763lii,
	title={LII. An essay towards solving a problem in the doctrine of chances. By the late Rev. Mr. Bayes, FRS communicated by Mr. Price, in a letter to John Canton, AMFR S},
	author={Bayes, Thomas},
	journal={Philosophical transactions of the Royal Society of London},
	number={53},
	pages={370--418},
	year={1763},
	publisher={The Royal Society London}
}
@book{box2011bayesian,
	title={Bayesian inference in statistical analysis},
	author={Box, George EP and Tiao, George C},
	volume={40},
	pages={1--2},
	year={2011},
	publisher={John Wiley \& Sons}
}
@ARTICLE{Spiegelhalter:2009,
	AUTHOR = {Spiegelhalter, D.  and Rice, K. },
	TITLE   = {{B}ayesian statistics},
	YEAR    = {2009},
	JOURNAL = {Scholarpedia},
	VOLUME  = {4},
	NUMBER  = {8},
	PAGES   = {5230},
	DOI     = {10.4249/scholarpedia.5230},
	NOTE    = {revision \#185711}
}
@article{wagenmakers2018bayesian,
	title={Bayesian inference for psychology. Part II: Example applications with JASP},
	author={Wagenmakers, Eric-Jan and Love, Jonathon and Marsman, Maarten and Jamil, Tahira and Ly, Alexander and Verhagen, Josine and Selker, Ravi and Gronau, Quentin F and Dropmann, Damian and Boutin, Bruno and others},
	journal={Psychonomic bulletin \& review},
	volume={25},
	number={1},
	pages={58--76},
	year={2018},
	publisher={Springer}
}
@book{koch2006bayesian,
	title={Bayesian inference with geodetic applications},
	author={Koch, Karl-Rudolf},
	volume={31},
	year={2006},
	publisher={Springer}
}
@article{friston2002classical,
	title={Classical and Bayesian inference in neuroimaging: applications},
	author={Friston, Karl J and Glaser, Daniel E and Henson, Richard NA and Kiebel, S and Phillips, Christophe and Ashburner, John},
	journal={Neuroimage},
	volume={16},
	number={2},
	pages={484--512},
	year={2002},
	publisher={Citeseer}
}
@book{parmigiani2002modeling,
	title={Modeling in medical decision making: a Bayesian approach},
	author={Parmigiani, Giovanni and Parmigiani, G},
	year={2002},
	publisher={J. Wiley}
}
@article{didelot2014bayesian,
	title={Bayesian inference of infectious disease transmission from whole-genome sequence data},
	author={Didelot, Xavier and Gardy, Jennifer and Colijn, Caroline},
	journal={Molecular biology and evolution},
	volume={31},
	number={7},
	pages={1869--1879},
	year={2014},
	publisher={Oxford University Press}
}
@article{ghahramani2015probabilistic,
	title={Probabilistic machine learning and artificial intelligence},
	author={Ghahramani, Zoubin},
	journal={Nature},
	volume={521},
	number={7553},
	pages={452--459},
	year={2015},
	publisher={Nature Publishing Group}
}
@book{beale1990neural,
	title={Neural Computing-an introduction},
	author={Beale, Russell and Jackson, Tom},
	pages={99-104},
	year={1990},
	publisher={CRC Press}
}
@article{cho2014learning,
	title={Learning phrase representations using RNN encoder-decoder for statistical machine translation},
	author={Cho, Kyunghyun and Van Merri{\"e}nboer, Bart and Gulcehre, Caglar and Bahdanau, Dzmitry and Bougares, Fethi and Schwenk, Holger and Bengio, Yoshua},
	journal={arXiv preprint arXiv:1406.1078},
	year={2014}
}
@article{bengio1994learning,
	title={Learning long-term dependencies with gradient descent is difficult},
	author={Bengio, Yoshua and Simard, Patrice and Frasconi, Paolo},
	journal={IEEE transactions on neural networks},
	volume={5},
	number={2},
	pages={157--166},
	year={1994},
	publisher={IEEE}
}
@inproceedings{szegedy2015going,
	title={Going deeper with convolutions},
	author={Szegedy, Christian and Liu, Wei and Jia, Yangqing and Sermanet, Pierre and Reed, Scott and Anguelov, Dragomir and Erhan, Dumitru and Vanhoucke, Vincent and Rabinovich, Andrew},
	booktitle={Proceedings of the IEEE conference on computer vision and pattern recognition},
	pages={1--9},
	year={2015}
}
@inproceedings{xie2017aggregated,
	title={Aggregated residual transformations for deep neural networks},
	author={Xie, Saining and Girshick, Ross and Doll{\'a}r, Piotr and Tu, Zhuowen and He, Kaiming},
	booktitle={Proceedings of the IEEE conference on computer vision and pattern recognition},
	pages={1492--1500},
	year={2017}
}

@article{jang2016categorical,
	title={Categorical reparameterization with gumbel-softmax},
	author={Jang, Eric and Gu, Shixiang and Poole, Ben},
	journal={arXiv preprint arXiv:1611.01144},
	year={2016}
}

@misc{cartoon2016desk,
	title={desk office graphic design},
	author={User, Unknown},
	note = {[Online; accessed October 5, 2020]},
	url={https://www.clipartmax.com/middle/m2i8d3K9A0b1i8H7_desk-office-graphic-design-office-desk-cartoon-png/},
	year={2020}
}
@misc{teacher2016,
	title={Biology teacher clipart},
	author={Creazilla, User},
	note = {[Online; accessed October 5, 2020]},
	url={https://creazilla.com/nodes/40093-biology-teacher-clipart},
	year={2020}
}
@misc{binocular2016,
	title={Binoculars icon cartoon art},
	author={Ylivdesign, User},
	note = {[Online; accessed October 5, 2020]},
	url={https://pngtree.com/freepng/binoculars-icon-cartoon-style_5095466.html},
	year={2020}
}
@misc{tree2016,
	title={Cartoon Tree},
	author={Ruano, User},
	note = {[Online; accessed October 5, 2020]},
	url={https://easydrawingguides.com/how-to-draw-a-cartoon-tree/},
	year={2020}
}
@misc{drone2016,
	title={Cartoon Drone},
	author={Unknown, User},
	note = {[Online; accessed October 5, 2020]},
	url={https://dronepic.blogspot.com/2018/12/drone-cartoon-png.html},
	year={2020}
}
@misc{bird2016,
	title={Cartoon Bird},
	author={Unknown, User},
	note = {[Online; accessed October 5, 2020]},
	url={http://clipart-library.com/clipart/rTLgjkLT8.htm},
	year={2020}
}

@Inbook{Joyce2011,
	author="Joyce, James M.",
	editor="Lovric, Miodrag",
	title="Kullback-Leibler Divergence",
	bookTitle="International Encyclopedia of Statistical Science",
	year="2011",
	publisher="Springer Berlin Heidelberg",
	address="Berlin, Heidelberg",
	pages="720--722",
	isbn="978-3-642-04898-2",
	doi="10.1007/978-3-642-04898-2_327",
	url="https://doi.org/10.1007/978-3-642-04898-2_327"
}

@inproceedings{nguyen2015deep,
	title={Deep neural networks are easily fooled: High confidence predictions for unrecognizable images},
	author={Nguyen, Anh and Yosinski, Jason and Clune, Jeff},
	booktitle={Proceedings of the IEEE conference on computer vision and pattern recognition},
	pages={427--436},
	year={2015}
}
@inproceedings{hein2019relu,
	title={Why ReLU networks yield high-confidence predictions far away from the training data and how to mitigate the problem},
	author={Hein, Matthias and Andriushchenko, Maksym and Bitterwolf, Julian},
	booktitle={Proceedings of the IEEE Conference on Computer Vision and Pattern Recognition},
	pages={41--50},
	year={2019}
}





@comment{jabref-meta: selector_publisher:}

@comment{jabref-meta: selector_author:}

@comment{jabref-meta: selector_journal:}

@comment{jabref-meta: selector_keywords:}

